39900000         207144407000131456977              00000 000000000000  Versul Tecnologias Ltda       HSBC                                    12908201608560000000102001600CPGY2K                                                               
39900001C1003020 288867891000191000111              00000 0000000000000 Versul Tecnologias Ltda                                                                                                                     00000000                    
3990000300001A90001800102027 0000000109045 Andre Feijo Meirelles         153                 29082016R$                  0000000010000                                                                                                          
39900005         000001   000000000010000                                                                                                                                                                                                       
39999999         000001000001                                                                                                                                                                                                                   