39900000         000000000000000000000              00000 000000000000                                                                        10000000000000000000002001600CPGY2K                                                               
39900001C0000020 000000000000000000000              00000 0000000000000                                                                                                                                             00000000                    
3990000300000A00000000000000 000000000000                                                    00000000R$                  0000000000000                                                                                                          
39900005         000000   000000000000000                                                                                                                                                                                                       
39999999         000000000000                                                                                                                                                                                                                   
